@article{Brochtrup_Hummel_Alenius_2012,
  title = {{Combinatorial Activation and Repression by Seven Transcription Factors Specify Drosophila Odorant Receptor Expression}},
  volume = {10},
  url = {http://dx.doi.org/10.1371/journal.pbio.1001280},
  doi = {10.1371/journal.pbio.1001280},
  number = {3},
  journal = {PLoS Biology},
  publisher = {Public Library of Science},
  author = {Jafari, Shadi and Alkhori, Liza and Schleiffer, Alexander and Brochtrup, Anna and Hummel, Thomas and Alenius, Mattias},
  editor = {Vosshall, Leslie B.Editor},
  year = {2012},
  month = {Mar},
  pages = {e1001280},
}


@article{aleigh_Kim_Ni_Duan_et_al__2012,
  title = {{A genome-wide transgenic resource for conditional expression of Drosophila microRNAs}},
  volume = {139},
  url = {http://dx.doi.org/10.1242/dev.079939},
  doi = {10.1242/dev.079939},
  number = {15},
  journal = {Development},
  publisher = {The Company of Biologists},
  author = {Bejarano, F. and Bortolamiol-Becet, D. and Dai, Q. and Sun, K. and Saj, A. and Chou, Y.-T. and Raleigh, D. R. and Kim, K. and Ni, J.-Q. and Duan, H. and et al.},
  year = {2012},
  month = {Jul},
  pages = {2821-2831},
}


@article{shauser_Forstemann_Basler_2012,
  title = {{Functional Characterization of Drosophila microRNAs by a Novel in Vivo Library}},
  volume = {192},
  url = {http://dx.doi.org/10.1534/genetics.112.145383},
  doi = {10.1534/genetics.112.145383},
  number = {4},
  journal = {Genetics},
  publisher = {The Genetics Society of America},
  author = {Schertel, C. and Rutishauser, T. and Forstemann, K. and Basler, K.},
  year = {2012},
  month = {Dec},
  pages = {1543-1552},
}


@article{Oppel_Scheiblauer_et_al__2007,
  title = {{A genome-wide transgenic RNAi library for conditional gene inactivation in Drosophila}},
  volume = {448},
  url = {http://dx.doi.org/10.1038/nature05954},
  doi = {10.1038/nature05954},
  number = {7150},
  journal = {Nature},
  publisher = {Nature Publishing Group},
  author = {Dietzl, Georg and Chen, Doris and Schnorrer, Frank and Su, Kuan-Chung and Barinova, Yulia and Fellner, Michaela and Gasser, Beate and Kinsey, Kaolin and Oppel, Silvia and Scheiblauer, Susanne and et al.},
  year = {2007},
  month = {Jul},
  pages = {151-156},
}


@article{BARTEL_2004,
  title = {{MicroRNAsGenomics, Biogenesis, Mechanism, and Function}},
  volume = {116},
  url = {http://dx.doi.org/10.1016/S0092-8674(04)00045-5},
  doi = {10.1016/S0092-8674(04)00045-5},
  number = {2},
  journal = {Cell},
  publisher = {Elsevier},
  author = {BARTEL, D},
  year = {2004},
  month = {Jan},
  pages = {281-297},
}


@article{ones-Rhoades_Bartel_Burge_2003,
  title = {{Prediction of Mammalian MicroRNA Targets}},
  volume = {115},
  url = {http://dx.doi.org/10.1016/S0092-8674(03)01018-3},
  doi = {10.1016/S0092-8674(03)01018-3},
  number = {7},
  journal = {Cell},
  publisher = {Elsevier},
  author = {Lewis, Benjamin P. and Shih, I-hung and Jones-Rhoades, Matthew W. and Bartel, David P. and Burge, Christopher B.},
  year = {2003},
  month = {Dec},
  pages = {787-798},
}
