@article{suh_2015aa,
  author = {Suh, Yoon Seok and Bhat, Shreelatha and Hong, Seung-Hyun and Shin, Minjung and Bahk, Suhyoung and Cho, Kyung Sang and Kim, Seung-Whan and Lee, Kyu-Sun and Kim, Young-Joon and Jones, Walton D. and Yu, Kweon},
  date-added = {2015-08-17 06:24:21 +0000},
  date-modified = {2015-08-17 06:32:53 +0000},
  doi = {10.1038/ncomms8693},
  journal = {Nat Comms},
  month = {07},
  number = {7693},
  publisher = {Nature Publishing Group},
  title = {{Genome-wide {{microRNA}} screening reveals that the evolutionary conserved {{miR-9a}} regulates body growth by targeting {{sNPFR1/NPYR}}}},
  volume = {6},
  year = {2015},
  abstract = {MicroRNAs (miRNAs) regulate many physiological processes including body growth. Insulin/IGF signalling is the primary regulator of animal body growth, but the extent to which miRNAs act in insulin-producing cells (IPCs) is unclear. Here we generate a UAS-miRNA library of Drosophila stocks and perform a genetic screen to identify miRNAs whose overexpression in the IPCs inhibits body growth in Drosophila. Through this screen, we identify miR-9a as an evolutionarily conserved regulator of insulin signalling and body growth. IPC-specific miR-9a overexpression reduces insulin signalling and body size. Of the predicted targets of miR-9a, we find that loss of miR-9a enhances the level of sNPFR1. We show via an in vitro binding assay that miR-9a binds to sNPFR1 mRNA in insect cells and to the mammalian orthologue NPY2R in rat insulinoma cells. These findings indicate that the conserved miR-9a regulates body growth by controlling sNPFR1/NPYR-mediated modulation of insulin signalling.},
  annote = {Supplementary information available for this article at http://www.nature.com/ncomms/2015/150703/ncomms8693/suppinfo/ncomms8693{\_}S1.html},
  bdsk-url-1 = {http://dx.doi.org/10.1038/ncomms8693},
}


@article{Brochtrup_Hummel_Alenius_2012,
  author = {Jafari, Shadi and Alkhori, Liza and Schleiffer, Alexander and Brochtrup, Anna and Hummel, Thomas and Alenius, Mattias},
  date-modified = {2015-08-17 06:25:30 +0000},
  doi = {10.1371/journal.pbio.1001280},
  editor = {Vosshall, Leslie B.Editor},
  journal = {PLoS Biology},
  month = {Mar},
  number = {3},
  pages = {e1001280},
  publisher = {Public Library of Science},
  title = {{Combinatorial Activation and Repression by Seven Transcription Factors Specify Drosophila Odorant Receptor Expression}},
  volume = {10},
  year = {2012},
  bdsk-url-1 = {http://dx.doi.org/10.1371/journal.pbio.1001280},
}


@article{aleigh_Kim_Ni_Duan_et_al__2012,
  author = {Bejarano, F. and Bortolamiol-Becet, D. and Dai, Q. and Sun, K. and Saj, A. and Chou, Y.-T. and Raleigh, D. R. and Kim, K. and Ni, J.-Q. and Duan, H. and et al.},
  date-modified = {2015-08-17 06:25:15 +0000},
  doi = {10.1242/dev.079939},
  journal = {Development},
  month = {Jul},
  number = {15},
  pages = {2821-2831},
  publisher = {The Company of Biologists},
  title = {{A genome-wide transgenic resource for conditional expression of Drosophila microRNAs}},
  volume = {139},
  year = {2012},
  bdsk-url-1 = {http://dx.doi.org/10.1242/dev.079939},
}


@article{shauser_Forstemann_Basler_2012,
  author = {Schertel, C. and Rutishauser, T. and Forstemann, K. and Basler, K.},
  date-modified = {2015-08-17 06:25:59 +0000},
  doi = {10.1534/genetics.112.145383},
  journal = {Genetics},
  month = {Dec},
  number = {4},
  pages = {1543-1552},
  publisher = {The Genetics Society of America},
  title = {{Functional Characterization of Drosophila microRNAs by a Novel in Vivo Library}},
  volume = {192},
  year = {2012},
  bdsk-url-1 = {http://dx.doi.org/10.1534/genetics.112.145383},
}


@article{Oppel_Scheiblauer_et_al__2007,
  author = {Dietzl, Georg and Chen, Doris and Schnorrer, Frank and Su, Kuan-Chung and Barinova, Yulia and Fellner, Michaela and Gasser, Beate and Kinsey, Kaolin and Oppel, Silvia and Scheiblauer, Susanne and et al.},
  date-modified = {2015-05-25 09:47:26 +0000},
  journal = {Nature},
  month = {Jul},
  number = {7150},
  pages = {151-156},
  publisher = {Nature Publishing Group},
  title = {{A genome-wide transgenic RNAi library for conditional gene inactivation in Drosophila}},
  volume = {448},
  year = {2007},
  bdsk-url-1 = {http://dx.doi.org/10.1038/nature05954},
}


@article{BARTEL_2004,
  author = {Bartel, D},
  date-modified = {2015-05-25 09:47:26 +0000},
  journal = {Cell},
  month = {Jan},
  number = {2},
  pages = {281-297},
  publisher = {Elsevier},
  title = {{MicroRNAs: Genomics, Biogenesis, Mechanism, and Function}},
  volume = {116},
  year = {2004},
  bdsk-url-1 = {http://dx.doi.org/10.1016/S0092-8674(04)00045-5},
}


@article{ones-Rhoades_Bartel_Burge_2003,
  author = {Lewis, Benjamin P. and Shih, I-hung and Jones-Rhoades, Matthew W. and Bartel, David P. and Burge, Christopher B.},
  date-modified = {2015-05-25 09:47:26 +0000},
  journal = {Cell},
  month = {Dec},
  number = {7},
  pages = {787-798},
  publisher = {Elsevier},
  title = {{Prediction of Mammalian MicroRNA Targets}},
  volume = {115},
  year = {2003},
  bdsk-url-1 = {http://dx.doi.org/10.1016/S0092-8674(03)01018-3},
}


@article{Lai_2002,
  author = {Lai, Eric C.},
  date-modified = {2015-05-25 09:47:26 +0000},
  journal = {Nature Genetics},
  month = {Mar},
  number = {4},
  pages = {363-364},
  publisher = {Nature Publishing Group},
  title = {{MicroRNAs are complementary to 3' UTR sequence motifs that mediate negative post-transcriptional regulation}},
  volume = {30},
  year = {2002},
  bdsk-url-1 = {http://dx.doi.org/10.1038/ng865},
}


@article{Rajewsky_2006,
  author = {Rajewsky, Nikolaus},
  date-modified = {2015-05-25 09:47:26 +0000},
  journal = {Nature Genetics},
  month = {Jun},
  number = {6s},
  pages = {S8-S13},
  publisher = {Nature Publishing Group},
  title = {{microRNA target predictions in animals}},
  volume = {38},
  year = {2006},
  bdsk-url-1 = {http://dx.doi.org/10.1038/ng1798},
}


@article{Couto_Alenius_Dickson_2005,
  author = {Couto, Africa and Alenius, Mattias and Dickson, Barry J.},
  date-modified = {2015-05-25 09:47:26 +0000},
  journal = {Current Biology},
  month = {Sep},
  number = {17},
  pages = {1535-1547},
  publisher = {Elsevier},
  title = {{Molecular, Anatomical, and Functional Organization of the Drosophila Olfactory System}},
  volume = {15},
  year = {2005},
  bdsk-url-1 = {http://dx.doi.org/10.1016/j.cub.2005.07.034},
}


@article{Vosshall_Stocker_2007,
  author = {Vosshall, Leslie B. and Stocker, Reinhard F.},
  date-modified = {2015-05-25 09:47:26 +0000},
  journal = {Annual Review of Neuroscience},
  month = {Jul},
  number = {1},
  pages = {505-533},
  publisher = {Annual Reviews},
  title = {{Molecular Architecture of Smell and Taste in Drosophila}},
  volume = {30},
  year = {2007},
  bdsk-url-1 = {http://dx.doi.org/10.1146/annurev.neuro.30.051606.094306},
}


@article{agen_Okamura_Perrimon_Lai_2007,
  author = {Silver, S. J. and Hagen, J. W. and Okamura, K. and Perrimon, N. and Lai, E. C.},
  date-modified = {2015-05-25 09:47:26 +0000},
  journal = {Proceedings of the National Academy of Sciences},
  month = {Nov},
  number = {46},
  pages = {18151-18156},
  publisher = {Proceedings of the National Academy of Sciences},
  title = {{Functional screening identifies miR-315 as a potent activator of Wingless signaling}},
  volume = {104},
  year = {2007},
  bdsk-url-1 = {http://dx.doi.org/10.1073/pnas.0706673104},
}


@article{aeda_Hediger_Karch_Basler_2007,
  author = {Bischof, J. and Maeda, R. K. and Hediger, M. and Karch, F. and Basler, K.},
  date-modified = {2015-05-25 09:47:26 +0000},
  journal = {Proceedings of the National Academy of Sciences},
  month = {Feb},
  number = {9},
  pages = {3312-3317},
  publisher = {Proceedings of the National Academy of Sciences},
  title = {{An optimized transgenesis system for Drosophila using germ-line-specific C31 integrases}},
  volume = {104},
  year = {2007},
  bdsk-url-1 = {http://dx.doi.org/10.1073/pnas.0611511104},
}


@article{Kozomara_Griffiths-Jones_2013,
  author = {Kozomara, A. and Griffiths-Jones, S.},
  date-modified = {2015-08-17 06:25:00 +0000},
  doi = {10.1093/nar/gkt1181},
  journal = {Nucleic Acids Research},
  month = {Dec},
  number = {D1},
  pages = {D68-D73},
  publisher = {Oxford University Press},
  title = {{miRBase: annotating high confidence microRNAs using deep sequencing data}},
  volume = {42},
  year = {2013},
  bdsk-url-1 = {http://dx.doi.org/10.1093/nar/gkt1181},
}


@article{gler_Lim_Verma_Chen_Cohen_2012,
  author = {Szuplewski, S. and Kugler, J.-M. and Lim, S. F. and Verma, P. and Chen, Y.-W. and Cohen, S. M.},
  date-modified = {2015-08-17 06:31:41 +0000},
  doi = {10.1534/genetics.111.136689},
  journal = {Genetics},
  month = {Feb},
  number = {2},
  pages = {617-626},
  publisher = {The Genetics Society of America},
  title = {{{MicroRNA} Transgene Overexpression Complements Deficiency-Based Modifier Screens in Drosophila}},
  volume = {190},
  year = {2012},
  bdsk-url-1 = {http://dx.doi.org/10.1534/genetics.111.136689},
}


@article{dnik_Dickson_Luo_Komiyama_2007,
  author = {Sweeney, Lora B. and Couto, Africa and Chou, Ya-Hui and Berdnik, Daniela and Dickson, Barry J. and Luo, Liqun and Komiyama, Takaki},
  date-modified = {2015-05-25 09:47:26 +0000},
  journal = {Neuron},
  month = {Jan},
  number = {2},
  pages = {185-200},
  publisher = {Elsevier},
  title = {{Temporal Target Restriction of Olfactory Receptor Neurons by Semaphorin-1a/PlexinA-Mediated Axon-Axon Interactions}},
  volume = {53},
  year = {2007},
  bdsk-url-1 = {http://dx.doi.org/10.1016/j.neuron.2006.12.022},
}


@article{de_Bruyne_Foster_Carlson_2001,
  author = {de Bruyne, Marien and Foster, Kara and Carlson, John R.},
  date-modified = {2015-05-25 09:47:26 +0000},
  journal = {Neuron},
  month = {May},
  number = {2},
  pages = {537-552},
  publisher = {Elsevier},
  title = {{Odor Coding in the Drosophila Antenna}},
  volume = {30},
  year = {2001},
  bdsk-url-1 = {http://dx.doi.org/10.1016/S0896-6273(01)00289-6},
}


@article{am_Namkoong_Lee_Chung_Kim_2009,
  author = {Hyun, Seogang and Lee, Jung Hyun and Jin, Hua and Nam, JinWu and Namkoong, Bumjin and Lee, Gina and Chung, Jongkyeong and Kim, V. Narry},
  date-modified = {2015-05-25 09:47:26 +0000},
  journal = {Cell},
  month = {Dec},
  number = {6},
  pages = {1096-1108},
  publisher = {Elsevier},
  title = {{Conserved MicroRNA miR-8/miR-200 and Its Target USH/FOG2 Control Growth by Regulating PI3K}},
  volume = {139},
  year = {2009},
  bdsk-url-1 = {http://dx.doi.org/10.1016/j.cell.2009.11.020},
}


@article{ohnston_Kellis_Bartel_Lai_2007,
  author = {Ruby, J. G. and Stark, A. and Johnston, W. K. and Kellis, M. and Bartel, D. P. and Lai, E. C.},
  date-modified = {2015-05-25 09:47:26 +0000},
  journal = {Genome Research},
  month = {Dec},
  number = {12},
  pages = {1850-1864},
  publisher = {Cold Spring Harbor Laboratory Press},
  title = {{Evolution, biogenesis, expression, and target predictions of a substantially expanded set of Drosophila microRNAs}},
  volume = {17},
  year = {2007},
  bdsk-url-1 = {http://dx.doi.org/10.1101/gr.6597907},
}


@article{Gaul_Tuschl_Sander_Marks_2003,
  author = {Enright, Anton J and John, Bino and Gaul, Ulrike and Tuschl, Thomas and Sander, Chris and Marks, Debora S},
  date-modified = {2015-05-25 09:47:26 +0000},
  journal = {Genome Biology},
  number = {1},
  pages = {R1},
  publisher = {Springer (Biomed Central Ltd.)},
  volume = {5},
  year = {2003},
  bdsk-url-1 = {http://dx.doi.org/10.1186/gb-2003-5-1-r1},
}


@article{ino_Unnerstall_Gaul_Segal_2007,
  author = {Kertesz, Michael and Iovino, Nicola and Unnerstall, Ulrich and Gaul, Ulrike and Segal, Eran},
  date-modified = {2015-05-25 09:47:26 +0000},
  journal = {Nature Genetics},
  month = {Sep},
  number = {10},
  pages = {1278-1284},
  publisher = {Nature Publishing Group},
  title = {{The role of site accessibility in microRNA target recognition}},
  volume = {39},
  year = {2007},
  bdsk-url-1 = {http://dx.doi.org/10.1038/ng2135},
}


@article{Brodesser_Jindra_Uhlirova_2012,
  author = {Rynes, J. and Donohoe, C. D. and Frommolt, P. and Brodesser, S. and Jindra, M. and Uhlirova, M.},
  date-modified = {2015-08-17 06:25:49 +0000},
  doi = {10.1128/MCB.00429-12},
  journal = {Molecular and Cellular Biology},
  month = {Sep},
  number = {19},
  pages = {3949-3962},
  publisher = {American Society for Microbiology},
  title = {{Activating Transcription Factor 3 Regulates Immune and Metabolic Homeostasis}},
  volume = {32},
  year = {2012},
  bdsk-url-1 = {http://dx.doi.org/10.1128/MCB.00429-12},
}


@article{a_Bohmann_Jindra_Uhlirova_2009,
  author = {Sekyrova, P. and Bohmann, D. and Jindra, M. and Uhlirova, M.},
  date-modified = {2015-05-25 09:47:26 +0000},
  journal = {Development},
  month = {Dec},
  number = {1},
  pages = {141-150},
  publisher = {The Company of Biologists},
  title = {{Interaction between Drosophila bZIP proteins Atf3 and Jun prevents replacement of epithelial cells during metamorphosis}},
  volume = {137},
  year = {2009},
  bdsk-url-1 = {http://dx.doi.org/10.1242/dev.037861},
}


@article{s_Chiappe_Amrein_Vosshall_2004,
  author = {Larsson, Mattias C. and Domingos, Ana I. and Jones, Walton D. and Chiappe, M.Eugenia and Amrein, Hubert and Vosshall, Leslie B.},
  date-modified = {2015-05-25 09:47:26 +0000},
  journal = {Neuron},
  month = {Sep},
  number = {5},
  pages = {703-714},
  publisher = {Elsevier},
  title = {{Or83b Encodes a Broadly Expressed Odorant Receptor Essential for Drosophila Olfaction}},
  volume = {43},
  year = {2004},
  bdsk-url-1 = {http://dx.doi.org/10.1016/j.neuron.2004.08.019},
}


@article{Miller_Carlson_2010,
  author = {Miller, C. J. and Carlson, J. R.},
  date-modified = {2015-05-25 09:47:26 +0000},
  journal = {Genetics},
  month = {Sep},
  number = {1},
  pages = {79-95},
  publisher = {The Genetics Society of America},
  title = {{Regulation of Odor Receptor Genes in Trichoid Sensilla of the Drosophila Antenna}},
  volume = {186},
  year = {2010},
  bdsk-url-1 = {http://dx.doi.org/10.1534/genetics.110.117622},
}


@article{vanderGoesvanNaters:2007cq,
  author = {van der Goes van Naters, Wynand and Carlson, John R},
  date-modified = {2015-05-25 09:47:26 +0000},
  journal = {Current biology},
  month = {apr},
  number = {7},
  pages = {606-612},
  title = {{Receptors and neurons for fly odors in Drosophila.}},
  volume = {17},
  year = {2007},
  bdsk-url-1 = {http://dx.doi.org/10.1016/j.cub.2007.02.043},
}


@article{Halter_Fischbach_Stocker_1999,
  author = {Laissue, P.P. and Reiter, C. and Hiesinger, P.R. and Halter, S. and Fischbach, K.F. and Stocker, R.F.},
  date-modified = {2015-05-25 09:47:26 +0000},
  journal = {The Journal of Comparative Neurology},
  month = {Mar},
  number = {4},
  pages = {543-552},
  publisher = {Wiley Blackwell (John Wiley &amp; Sons)},
  title = {{Three-dimensional reconstruction of the antennal lobe inDrosophila melanogaster}},
  volume = {405},
  year = {1999},
  bdsk-url-1 = {http://dx.doi.org/10.1002/(SICI)1096-9861(19990322)405:4%3C543::AID-CNE7%3E3.0.CO;2-A},
}


@article{ein_Morozov_Rzhetsky_Axel_1999,
  author = {Vosshall, Leslie B and Amrein, Hubert and Morozov, Pavel S and Rzhetsky, Andrey and Axel, Richard},
  date-modified = {2015-05-25 09:47:26 +0000},
  journal = {Cell},
  month = {Mar},
  number = {5},
  pages = {725-736},
  publisher = {Elsevier},
  title = {{A Spatial Map of Olfactory Receptor Expression in the Drosophila Antenna}},
  volume = {96},
  year = {1999},
  bdsk-url-1 = {http://dx.doi.org/10.1016/S0092-8674(00)80582-6},
}


@article{apici_Kim_Ribeiro_Dickson_2007,
  author = {Yapici, Nilay and Kim, Young-Joon and Ribeiro, Carlos and Dickson, Barry J.},
  date-modified = {2015-05-25 09:47:26 +0000},
  journal = {Nature},
  month = {Dec},
  number = {7174},
  pages = {33-37},
  publisher = {Nature Publishing Group},
  title = {{A receptor that mediates the post-mating switch in Drosophila reproductive behaviour}},
  volume = {451},
  year = {2007},
  bdsk-url-1 = {http://dx.doi.org/10.1038/nature06483},
}


@article{Suh_2015,
  doi = {10.1038/ncomms8693},
  url = {http://dx.doi.org/10.1038/ncomms8693},
  year = {2015},
  month = {jul},
  publisher = {Nature Publishing Group},
  volume = {6},
  pages = {7693},
  author = {Yoon Seok Suh and Shreelatha Bhat and Seung-Hyun Hong and Minjung Shin and Suhyoung Bahk and Kyung Sang Cho and Seung-Whan Kim and Kyu-Sun Lee and Young-Joon Kim and Walton D. Jones and Kweon Yu},
  title = {{Genome-wide {microRNA} screening reveals that the evolutionary conserved {miR}-9a regulates body growth by targeting {sNPFR}1/{NPYR}}},
  journal = {Nature Communications},
}
